<?xml version="1.0" encoding="UTF-8"?>
<collection xmlns="http://www.loc.gov/MARC21/slim">
   <record>
      <leader>05707cam a2201081Ia 4500</leader>
      <controlfield tag="001">7302185</controlfield>
      <controlfield tag="003">OCoLC</controlfield>
      <controlfield tag="005">20151221012945.0</controlfield>
      <controlfield tag="008">111212s2009    abca         s000 0 eng  </controlfield>
      <datafield tag="016" ind1=" " ind2=" ">
         <subfield code="a">20128003847</subfield>
      </datafield>
      <datafield tag="020" ind1=" " ind2=" ">
         <subfield code="a">9780774130974</subfield>
         <subfield code="q">(Unit 1, Student learning guide)</subfield>
      </datafield>
      <datafield tag="020" ind1=" " ind2=" ">
         <subfield code="a">0774130970</subfield>
         <subfield code="q">(Unit 1, Student learning guide)</subfield>
      </datafield>
      <datafield tag="020" ind1=" " ind2=" ">
         <subfield code="a">9780774130981</subfield>
         <subfield code="q">(Unit 1, Workbook)</subfield>
      </datafield>
      <datafield tag="020" ind1=" " ind2=" ">
         <subfield code="a">0774130989</subfield>
         <subfield code="q">(Unit 1, Workbook)</subfield>
      </datafield>
      <datafield tag="020" ind1=" " ind2=" ">
         <subfield code="a">9780774130998</subfield>
         <subfield code="q">(Unit 1, Quizzes &amp; tests)</subfield>
      </datafield>
      <datafield tag="020" ind1=" " ind2=" ">
         <subfield code="a">0774130997</subfield>
         <subfield code="q">(Unit 1, Quizzes &amp; tests)</subfield>
      </datafield>
      <datafield tag="020" ind1=" " ind2=" ">
         <subfield code="a">9780774131018</subfield>
         <subfield code="q">(Unit 2, Student learning guide)</subfield>
      </datafield>
      <datafield tag="020" ind1=" " ind2=" ">
         <subfield code="a">0774131012</subfield>
         <subfield code="q">(Unit 2, Student learning guide)</subfield>
      </datafield>
      <datafield tag="020" ind1=" " ind2=" ">
         <subfield code="a">9780774131025</subfield>
         <subfield code="q">(Unit 2, Workbook)</subfield>
      </datafield>
      <datafield tag="020" ind1=" " ind2=" ">
         <subfield code="a">0774131020</subfield>
         <subfield code="q">(Unit 2, Workbook)</subfield>
      </datafield>
      <datafield tag="020" ind1=" " ind2=" ">
         <subfield code="a">9780774131032</subfield>
         <subfield code="q">(Unit 2, Quizzes &amp; tests)</subfield>
      </datafield>
      <datafield tag="020" ind1=" " ind2=" ">
         <subfield code="a">0774131039</subfield>
         <subfield code="q">(Unit 2, Quizzes &amp; tests)</subfield>
      </datafield>
      <datafield tag="020" ind1=" " ind2=" ">
         <subfield code="a">9780774131056</subfield>
         <subfield code="q">(Unit 3, Student learning guide)</subfield>
      </datafield>
      <datafield tag="020" ind1=" " ind2=" ">
         <subfield code="a">0774131055</subfield>
         <subfield code="q">(Unit 3, Student learning guide)</subfield>
      </datafield>
      <datafield tag="020" ind1=" " ind2=" ">
         <subfield code="a">9780774131063</subfield>
         <subfield code="q">(Unit 3, Workbook)</subfield>
      </datafield>
      <datafield tag="020" ind1=" " ind2=" ">
         <subfield code="a">0774131063</subfield>
         <subfield code="q">(Unit 3, Workbook)</subfield>
      </datafield>
      <datafield tag="020" ind1=" " ind2=" ">
         <subfield code="a">9780774131070</subfield>
         <subfield code="q">(Unit 3, Quizzes &amp; tests)</subfield>
      </datafield>
      <datafield tag="020" ind1=" " ind2=" ">
         <subfield code="a">0774131071</subfield>
         <subfield code="q">(Unit 3, Quizzes &amp; tests)</subfield>
      </datafield>
      <datafield tag="020" ind1=" " ind2=" ">
         <subfield code="a">9780774131094</subfield>
         <subfield code="q">(Unit 4, Student learning guide)</subfield>
      </datafield>
      <datafield tag="020" ind1=" " ind2=" ">
         <subfield code="a">0774131098</subfield>
         <subfield code="q">(Unit 4, Student learning guide)</subfield>
      </datafield>
      <datafield tag="020" ind1=" " ind2=" ">
         <subfield code="a">9780774131100</subfield>
         <subfield code="q">(Unit 4, Workbook)</subfield>
      </datafield>
      <datafield tag="020" ind1=" " ind2=" ">
         <subfield code="a">0774131101</subfield>
         <subfield code="q">(Unit 4, Workbook)</subfield>
      </datafield>
      <datafield tag="020" ind1=" " ind2=" ">
         <subfield code="a">9780774131117</subfield>
         <subfield code="q">(Unit 4, Quizzes &amp; tests)</subfield>
      </datafield>
      <datafield tag="020" ind1=" " ind2=" ">
         <subfield code="a">077413111X</subfield>
         <subfield code="q">(Unit 4, Quizzes &amp; tests)</subfield>
      </datafield>
      <datafield tag="035" ind1=" " ind2=" ">
         <subfield code="a">ocn804030214</subfield>
      </datafield>
      <datafield tag="040" ind1=" " ind2=" ">
         <subfield code="a">NLC</subfield>
         <subfield code="b">eng</subfield>
         <subfield code="c">NLC</subfield>
         <subfield code="d">OCLCO</subfield>
         <subfield code="d">OCLCQ</subfield>
         <subfield code="d">LTSCA</subfield>
         <subfield code="d">AEU</subfield>
      </datafield>
      <datafield tag="043" ind1=" " ind2=" ">
         <subfield code="a">n-cn-ab</subfield>
      </datafield>
      <datafield tag="050" ind1=" " ind2="4">
         <subfield code="a">QA107.2</subfield>
         <subfield code="b">.M386 2009</subfield>
      </datafield>
      <datafield tag="055" ind1="0" ind2="7">
         <subfield code="a">COP.AL.2.2012-22</subfield>
      </datafield>
      <datafield tag="082" ind1="0" ind2="4">
         <subfield code="a">372.7</subfield>
         <subfield code="2">23</subfield>
      </datafield>
      <datafield tag="090" ind1=" " ind2=" ">
         <subfield code="a">QA 107.2 M386 2009</subfield>
         <subfield code="b">AEU</subfield>
      </datafield>
      <datafield tag="090" ind1=" " ind2=" ">
         <subfield code="a">QA 107.2 G7361</subfield>
         <subfield code="b">AEE</subfield>
      </datafield>
      <datafield tag="100" ind1="1" ind2=" ">
         <subfield code="a">Gainer, Michelle.</subfield>
      </datafield>
      <datafield tag="240" ind1="0" ind2="0">
         <subfield code="a">Math 6 /</subfield>
         <subfield code="c">[creator Wayne Poncia, author Michelle Gainer].</subfield>
      </datafield>
      <datafield tag="245" ind1="1" ind2="0">
         <subfield code="a">Math 6 2009</subfield>
         <subfield code="c">[creator Wayne Poncia, author Michelle Gainer].</subfield>
      </datafield>
      <datafield tag="246" ind1="3" ind2=" ">
         <subfield code="a">Learn everywhere</subfield>
      </datafield>
      <datafield tag="260" ind1=" " ind2=" ">
         <subfield code="a">Edmonton :</subfield>
         <subfield code="b">Alberta Education,</subfield>
         <subfield code="c">©2009.</subfield>
      </datafield>
      <datafield tag="300" ind1=" " ind2=" ">
         <subfield code="a">12 volumes :</subfield>
         <subfield code="b">color illustrations ;</subfield>
         <subfield code="c">28 cm</subfield>
      </datafield>
      <datafield tag="336" ind1=" " ind2=" ">
         <subfield code="a">text</subfield>
         <subfield code="b">txt</subfield>
         <subfield code="2">rdacontent</subfield>
      </datafield>
      <datafield tag="337" ind1=" " ind2=" ">
         <subfield code="a">unmediated</subfield>
         <subfield code="b">n</subfield>
         <subfield code="2">rdamedia</subfield>
      </datafield>
      <datafield tag="338" ind1=" " ind2=" ">
         <subfield code="a">volume</subfield>
         <subfield code="b">nc</subfield>
         <subfield code="2">rdacarrier</subfield>
      </datafield>
      <datafield tag="505" ind1="0" ind2=" ">
         <subfield code="a">[V. 1]. Unit 1. Student learning guide -- [v. 2]. Unit 1. Workbook -- [v. 3]. Unit 1. Quizzes and tests -- [v. 4]. Unit 2. Student learning guide -- [v. 5]. Unit 2. Workbook -- [v. 6]. Unit. 2. Quizzes and tests -- [v. 7]. Unit 3. Student learning guide -- [v. 8]. Unit 3. Workbook -- [v. 9]. Unit 3. Quizzes and tests -- [v. 10]. Unit 4. Student learning guide -- [v. 11]. Unit 4. Workbook -- [v. 12]. Unit 4. Quizzes and tests.</subfield>
      </datafield>
      <datafield tag="590" ind1=" " ind2=" ">
         <subfield code="a">Approved for use in Alberta schools.</subfield>
         <subfield code="5">CaAEU</subfield>
      </datafield>
      <datafield tag="596" ind1=" " ind2=" ">
         <subfield code="a">2 38</subfield>
      </datafield>
      <datafield tag="650" ind1=" " ind2="0">
         <subfield code="a">Mathematics</subfield>
         <subfield code="v">Programmed instruction.</subfield>
      </datafield>
      <datafield tag="650" ind1=" " ind2="0">
         <subfield code="a">Arithmetic</subfield>
         <subfield code="v">Programmed instruction.</subfield>
      </datafield>
      <datafield tag="650" ind1=" " ind2="0">
         <subfield code="a">Mathematics</subfield>
         <subfield code="v">Problems, exercises, etc.</subfield>
      </datafield>
      <datafield tag="650" ind1=" " ind2="0">
         <subfield code="a">Arithmetic</subfield>
         <subfield code="v">Problems, exercises, etc.</subfield>
      </datafield>
      <datafield tag="700" ind1="1" ind2=" ">
         <subfield code="a">Poncia, Wayne.</subfield>
      </datafield>
      <datafield tag="710" ind1="1" ind2=" ">
         <subfield code="a">Alberta.</subfield>
         <subfield code="b">Alberta Education.</subfield>
      </datafield>
      <datafield tag="949" ind1=" " ind2=" ">
         <subfield code="a">QA 107.2 M386 2009</subfield>
         <subfield code="v">unit 1 std.gd.</subfield>
         <subfield code="h">UABA-B</subfield>
         <subfield code="i">0162036820478</subfield>
         <subfield code="z">OCLC_COPY</subfield>
      </datafield>
      <datafield tag="949" ind1=" " ind2=" ">
         <subfield code="a">QA 107.2 M386 2009</subfield>
         <subfield code="v">unit 1 tests</subfield>
         <subfield code="h">UABA-B</subfield>
         <subfield code="i">0162036820411</subfield>
         <subfield code="z">OCLC_COPY</subfield>
      </datafield>
      <datafield tag="949" ind1=" " ind2=" ">
         <subfield code="a">QA 107.2 M386 2009</subfield>
         <subfield code="v">unit 1 wkbk.</subfield>
         <subfield code="h">UABA-B</subfield>
         <subfield code="i">0162036819934</subfield>
         <subfield code="z">OCLC_COPY</subfield>
      </datafield>
      <datafield tag="949" ind1=" " ind2=" ">
         <subfield code="a">QA 107.2 M386 2009</subfield>
         <subfield code="v">unit 2 tests</subfield>
         <subfield code="h">UABA-B</subfield>
         <subfield code="i">0162036819876</subfield>
         <subfield code="z">OCLC_COPY</subfield>
      </datafield>
      <datafield tag="949" ind1=" " ind2=" ">
         <subfield code="a">QA 107.2 M386 2009</subfield>
         <subfield code="v">unit 2 wkbk.</subfield>
         <subfield code="h">UABA-B</subfield>
         <subfield code="i">0162036819819</subfield>
         <subfield code="z">OCLC_COPY</subfield>
      </datafield>
      <datafield tag="949" ind1=" " ind2=" ">
         <subfield code="a">QA 107.2 M386 2009</subfield>
         <subfield code="v">unit 2 std.gd.</subfield>
         <subfield code="h">UABA-B</subfield>
         <subfield code="i">0162036819991</subfield>
         <subfield code="z">OCLC_COPY</subfield>
      </datafield>
      <datafield tag="949" ind1=" " ind2=" ">
         <subfield code="a">QA 107.2 M386 2009</subfield>
         <subfield code="v">unit 3 tests</subfield>
         <subfield code="h">UABA-B</subfield>
         <subfield code="i">0162036820056</subfield>
         <subfield code="z">OCLC_COPY</subfield>
      </datafield>
      <datafield tag="949" ind1=" " ind2=" ">
         <subfield code="a">QA 107.2 M386 2009</subfield>
         <subfield code="v">unit 3 std. gd.</subfield>
         <subfield code="h">UABA-B</subfield>
         <subfield code="i">0162036820239</subfield>
         <subfield code="z">OCLC_COPY</subfield>
      </datafield>
      <datafield tag="949" ind1=" " ind2=" ">
         <subfield code="a">QA 107.2 M386 2009</subfield>
         <subfield code="v">unit 3 wkbk.</subfield>
         <subfield code="h">UABA-B</subfield>
         <subfield code="i">0162036820114</subfield>
         <subfield code="z">OCLC_COPY</subfield>
      </datafield>
      <datafield tag="949" ind1=" " ind2=" ">
         <subfield code="a">QA 107.2 M386 2009</subfield>
         <subfield code="v">unit 4 tests</subfield>
         <subfield code="h">UABA-B</subfield>
         <subfield code="i">0162036820171</subfield>
         <subfield code="z">OCLC_COPY</subfield>
      </datafield>
      <datafield tag="949" ind1=" " ind2=" ">
         <subfield code="a">QA 107.2 M386 2009</subfield>
         <subfield code="v">unit 4 wkbk.</subfield>
         <subfield code="h">UABA-B</subfield>
         <subfield code="i">0162036820353</subfield>
         <subfield code="z">OCLC_COPY</subfield>
      </datafield>
      <datafield tag="949" ind1=" " ind2=" ">
         <subfield code="a">QA 107.2 M386 2009</subfield>
         <subfield code="v">unit 4 std.gd.</subfield>
         <subfield code="h">UABA-B</subfield>
         <subfield code="i">0162036820296</subfield>
         <subfield code="z">OCLC_COPY</subfield>
      </datafield>
      <datafield tag="926" ind1=" " ind2=" ">
         <subfield code="a">AGL_CAP</subfield>
         <subfield code="b">SPECIALCOL</subfield>
         <subfield code="c">QA 107.2 G7361 2009 U1 Guide</subfield>
         <subfield code="d">LOCAL_LOAN</subfield>
         <subfield code="f">1</subfield>
      </datafield>
      <datafield tag="926" ind1=" " ind2=" ">
         <subfield code="a">AGL_CAP</subfield>
         <subfield code="b">SPECIALCOL</subfield>
         <subfield code="c">QA 107.2 G7361 2009 U1 Tests</subfield>
         <subfield code="d">LOCAL_LOAN</subfield>
         <subfield code="f">1</subfield>
      </datafield>
      <datafield tag="926" ind1=" " ind2=" ">
         <subfield code="a">AGL_CAP</subfield>
         <subfield code="b">SPECIALCOL</subfield>
         <subfield code="c">QA 107.2 G7361 2009 U1 WkBk</subfield>
         <subfield code="d">LOCAL_LOAN</subfield>
         <subfield code="f">1</subfield>
      </datafield>
      <datafield tag="926" ind1=" " ind2=" ">
         <subfield code="a">AGL_CAP</subfield>
         <subfield code="b">SPECIALCOL</subfield>
         <subfield code="c">QA 107.2 G7361 2009 U2 Guide</subfield>
         <subfield code="d">LOCAL_LOAN</subfield>
         <subfield code="f">1</subfield>
      </datafield>
      <datafield tag="926" ind1=" " ind2=" ">
         <subfield code="a">AGL_CAP</subfield>
         <subfield code="b">SPECIALCOL</subfield>
         <subfield code="c">QA 107.2 G7361 2009 U2 Tests</subfield>
         <subfield code="d">LOCAL_LOAN</subfield>
         <subfield code="f">1</subfield>
      </datafield>
      <datafield tag="926" ind1=" " ind2=" ">
         <subfield code="a">AGL_CAP</subfield>
         <subfield code="b">SPECIALCOL</subfield>
         <subfield code="c">QA 107.2 G7361 2009 U2 WkBk</subfield>
         <subfield code="d">LOCAL_LOAN</subfield>
         <subfield code="f">1</subfield>
      </datafield>
      <datafield tag="926" ind1=" " ind2=" ">
         <subfield code="a">AGL_CAP</subfield>
         <subfield code="b">SPECIALCOL</subfield>
         <subfield code="c">QA 107.2 G7361 2009 U3 Guide</subfield>
         <subfield code="d">LOCAL_LOAN</subfield>
         <subfield code="f">1</subfield>
      </datafield>
      <datafield tag="926" ind1=" " ind2=" ">
         <subfield code="a">AGL_CAP</subfield>
         <subfield code="b">SPECIALCOL</subfield>
         <subfield code="c">QA 107.2 G7361 2009 U3 Tests</subfield>
         <subfield code="d">LOCAL_LOAN</subfield>
         <subfield code="f">1</subfield>
      </datafield>
      <datafield tag="926" ind1=" " ind2=" ">
         <subfield code="a">AGL_CAP</subfield>
         <subfield code="b">SPECIALCOL</subfield>
         <subfield code="c">QA 107.2 G7361 2009 U3 WkBk</subfield>
         <subfield code="d">LOCAL_LOAN</subfield>
         <subfield code="f">1</subfield>
      </datafield>
      <datafield tag="926" ind1=" " ind2=" ">
         <subfield code="a">AGL_CAP</subfield>
         <subfield code="b">SPECIALCOL</subfield>
         <subfield code="c">QA 107.2 G7361 2009 U4 Guide</subfield>
         <subfield code="d">LOCAL_LOAN</subfield>
         <subfield code="f">1</subfield>
      </datafield>
      <datafield tag="926" ind1=" " ind2=" ">
         <subfield code="a">AGL_CAP</subfield>
         <subfield code="b">SPECIALCOL</subfield>
         <subfield code="c">QA 107.2 G7361 2009 U4 Tests</subfield>
         <subfield code="d">LOCAL_LOAN</subfield>
         <subfield code="f">1</subfield>
      </datafield>
      <datafield tag="926" ind1=" " ind2=" ">
         <subfield code="a">AGL_CAP</subfield>
         <subfield code="b">SPECIALCOL</subfield>
         <subfield code="c">QA 107.2 G7361 2009 U4 WkBk</subfield>
         <subfield code="d">LOCAL_LOAN</subfield>
         <subfield code="f">1</subfield>
      </datafield>
      <datafield tag="926" ind1=" " ind2=" ">
         <subfield code="a">UABARD</subfield>
         <subfield code="b">ON_SHELF</subfield>
         <subfield code="c">QA 107.2 M386 2009 unit 1 std.gd.</subfield>
         <subfield code="d">BOOK</subfield>
         <subfield code="f">1</subfield>
      </datafield>
      <datafield tag="926" ind1=" " ind2=" ">
         <subfield code="a">UABARD</subfield>
         <subfield code="b">ON_SHELF</subfield>
         <subfield code="c">QA 107.2 M386 2009 unit 1 tests</subfield>
         <subfield code="d">BOOK</subfield>
         <subfield code="f">1</subfield>
      </datafield>
      <datafield tag="926" ind1=" " ind2=" ">
         <subfield code="a">UABARD</subfield>
         <subfield code="b">ON_SHELF</subfield>
         <subfield code="c">QA 107.2 M386 2009 unit 2 std.gd.</subfield>
         <subfield code="d">BOOK</subfield>
         <subfield code="f">1</subfield>
      </datafield>
      <datafield tag="926" ind1=" " ind2=" ">
         <subfield code="a">UABARD</subfield>
         <subfield code="b">ON_SHELF</subfield>
         <subfield code="c">QA 107.2 M386 2009 unit 2 tests</subfield>
         <subfield code="d">BOOK</subfield>
         <subfield code="f">1</subfield>
      </datafield>
      <datafield tag="926" ind1=" " ind2=" ">
         <subfield code="a">UABARD</subfield>
         <subfield code="b">ON_SHELF</subfield>
         <subfield code="c">QA 107.2 M386 2009 unit 3 std.gd.</subfield>
         <subfield code="d">BOOK</subfield>
         <subfield code="f">1</subfield>
      </datafield>
      <datafield tag="926" ind1=" " ind2=" ">
         <subfield code="a">UABARD</subfield>
         <subfield code="b">ON_SHELF</subfield>
         <subfield code="c">QA 107.2 M386 2009 unit 3 tests</subfield>
         <subfield code="d">BOOK</subfield>
         <subfield code="f">1</subfield>
      </datafield>
      <datafield tag="926" ind1=" " ind2=" ">
         <subfield code="a">UABARD</subfield>
         <subfield code="b">ON_SHELF</subfield>
         <subfield code="c">QA 107.2 M386 2009 unit 3 wkbk.</subfield>
         <subfield code="d">BOOK</subfield>
         <subfield code="f">1</subfield>
      </datafield>
      <datafield tag="926" ind1=" " ind2=" ">
         <subfield code="a">UABARD</subfield>
         <subfield code="b">ON_SHELF</subfield>
         <subfield code="c">QA 107.2 M386 2009 unit 4 std.gd.</subfield>
         <subfield code="d">BOOK</subfield>
         <subfield code="f">1</subfield>
      </datafield>
      <datafield tag="926" ind1=" " ind2=" ">
         <subfield code="a">UABARD</subfield>
         <subfield code="b">ON_SHELF</subfield>
         <subfield code="c">QA 107.2 M386 2009 unit 4 tests</subfield>
         <subfield code="d">BOOK</subfield>
         <subfield code="f">1</subfield>
      </datafield>
      <datafield tag="926" ind1=" " ind2=" ">
         <subfield code="a">UABARD</subfield>
         <subfield code="b">ON_SHELF</subfield>
         <subfield code="c">QA 107.2 M386 2009 unit 4 wkbk.</subfield>
         <subfield code="d">BOOK</subfield>
         <subfield code="f">1</subfield>
      </datafield>
   </record>
</collection>
